@book{bengtsson2017geometry,
  title={Geometry of quantum states: an introduction to quantum entanglement},
  author={Bengtsson, Ingemar and {\.Z}yczkowski, Karol},
  year={2017},
  publisher={Cambridge university press}
}
@article{gilchrist2009vectorization,
  title={Vectorization of quantum operations and its use},
  author={Gilchrist, Alexei and Terno, Daniel R and Wood, Christopher J},
  journal={arXiv preprint arXiv:0911.2539},
  year={2009}
}
