@book{bengtsson_zyczkowski_2017, 
place={Cambridge}, edition={2nd}, 
title={Geometry of Quantum States: An Introduction to Quantum Entanglement}, 
DOI={10.1017/9781139207010}, 
publisher={Cambridge University Press}, 
author={Bengtsson, Ingemar and Zyczkowski, Karol}, 
year={2017}
}
@book{nielsen_chuang_2011,
author = {Nielsen, Michael A. and Chuang, Isaac L.},
title = {Quantum Computation and Quantum Information: 10th Anniversary Edition},
year = {2011},
isbn = {1107002176},
publisher = {Cambridge University Press},
address = {USA},
edition = {10th}
}
@article{nathanson2007pauli,
	title={Pauli diagonal channels constant on axes},
	author={Nathanson, Michael and Ruskai, Mary Beth},
	journal={Journal of Physics A: Mathematical and Theoretical},
	volume={40},
	number={28},
	pages={8171},
	year={2007},
	publisher={IOP Publishing}
}
@misc{sakurai2010modern,
  title={Modern Quantum Mechanics 2nd edition, ISBN 978-0805382914},
  author={Sakurai, JJ and Napolitano, Jim J},
  year={2010},
  publisher={Addison-Wesley}
}
@book{sakurai_napolitano_2017, 
	place={Cambridge}, 
	edition={2}, 
	title={Modern Quantum Mechanics}, 
	DOI={10.1017/9781108499996}, 
	publisher={Cambridge University Press}, 
	author={Sakurai, J. J. and Napolitano, Jim}, 
	year={2017}}
@article{feynman1965feyman,
  title={The Feyman Lectures on Physics: Vol. III. Quantum Mechanics},
  author={Feynman, Richard P and Leighton, Robert B and Sands, Matthew},
  journal={Addison-Weslley Publishing Company, Reading, Massachusetts},
  year={1965}
}