@book{bengtsson_zyczkowski_2017, 
place={Cambridge}, edition={2nd}, 
title={Geometry of Quantum States: An Introduction to Quantum Entanglement}, 
DOI={10.1017/9781139207010}, 
publisher={Cambridge University Press}, 
author={Bengtsson, Ingemar and Zyczkowski, Karol}, 
year={2017}
}
@book{nielsen_chuang_2011,
author = {Nielsen, Michael A. and Chuang, Isaac L.},
title = {Quantum Computation and Quantum Information: 10th Anniversary Edition},
year = {2011},
isbn = {1107002176},
publisher = {Cambridge University Press},
address = {USA},
edition = {10th}
}
@book{schlosshauer2007decoherence,
  title={Decoherence: and the quantum-to-classical transition},
  author={Schlosshauer, Maximilian A},
  year={2007},
  publisher={Springer Science \& Business Media}
}
@article{nathanson2007pauli,
	title={Pauli diagonal channels constant on axes},
	author={Nathanson, Michael and Ruskai, Mary Beth},
	journal={Journal of Physics A: Mathematical and Theoretical},
	volume={40},
	number={28},
	pages={8171},
	year={2007},
	publisher={IOP Publishing}
}
@misc{sakurai2010modern,
  title={Modern Quantum Mechanics 2nd edition, ISBN 978-0805382914},
  author={Sakurai, JJ and Napolitano, Jim J},
  year={2010},
  publisher={Addison-Wesley}
}
@book{sakurai_napolitano_2017, 
	place={Cambridge}, 
	edition={2nd.}, 
	title={Modern Quantum Mechanics}, 
	DOI={10.1017/9781108499996}, 
	publisher={Cambridge University Press}, 
	author={Sakurai, J. J. and Napolitano, Jim}, 
	year={2017},
	pages={180-181},
}
@article{feynman1965feyman,
  title={The Feyman Lectures on Physics: Vol. III. Quantum Mechanics},
  author={Feynman, Richard P and Leighton, Robert B and Sands, Matthew},
  journal={Addison-Weslley Publishing Company, Reading, Massachusetts},
  year={1965}
}

@article{chandra2013quantum,
  title={Quantum Entanglement in Electron Optics},
  author={Chandra, N and Ghosh, R},
  journal={Quantum Entanglement in Electron Optics: Generation, Characterization, and Applications},
  pages={1},
  year={2013},
  publisher={Springer}
}

@article{weedbrook2012gaussian,
    title={Gaussian quantum information},
    author={Weedbrook, Christian and Pirandola, Stefano and Garc{\'\i}a-Patr{\'o}n, Ra{\'u}l and Cerf, Nicolas J and Ralph, Timothy C and Shapiro, Jeffrey H and Lloyd, Seth},
    journal={Reviews of Modern Physics},
    volume={84},
    number={2},
    pages={621},
    year={2012},
    publisher={APS}
}

@article{preskill1998lecture,
    title={Lecture notes for a course on quantum computation},
    author={Preskill, John},
    journal={Unpublished. Available at http://www. theory. caltech. edu/people/preskill/ph229},
    volume={1999},
    year={1998}
}

@article{zeh1973toward,
  title={Toward a quantum theory of observation},
  author={Zeh, H Dieter},
  journal={Foundations of Physics},
  volume={3},
  number={1},
  pages={109--116},
  year={1973},
  publisher={Springer}
}

@book{axler1997linear,
  title={Linear algebra done right},
  author={Axler, Sheldon Jay},
  volume={2},
  year={1997},
  publisher={Springer}
}

@book{lang2012introduction,
  title={Introduction to linear algebra},
  author={Lang, Serge},
  year={2012},
  publisher={Springer Science \& Business Media}
}

@article{durt2010mutually,
  title={On mutually unbiased bases},
  author={Durt, Thomas and Englert, Berthold-Georg and Bengtsson, Ingemar and {\.Z}yczkowski, Karol},
  journal={International journal of quantum information},
  volume={8},
  number={04},
  pages={535--640},
  year={2010},
  publisher={World Scientific}
}

@article{zeh1970interpretation,
  title={On the interpretation of measurement in quantum theory},
  author={Zeh, H Dieter},
  journal={Foundations of Physics},
  volume={1},
  number={1},
  pages={69--76},
  year={1970},
  publisher={Springer}
}

@book{breuer2002theory,
  title={The theory of open quantum systems},
  author={Breuer, Heinz-Peter and Petruccione, Francesco and others},
  year={2002},
  publisher={Oxford University Press on Demand}
}

@phdthesis{pepino2011open,
  title={Open quantum system studies of optical lattices and nonlinear optical cavities: a comprehensive development of atomtronics},
  author={Pepino, Ronald A},
  year={2011},
  school={University of Colorado at Boulder}
}

@article{schlosshauer2005decoherence,
  title={Decoherence, the measurement problem, and interpretations of quantum mechanics},
  author={Schlosshauer, Maximilian},
  journal={Reviews of Modern physics},
  volume={76},
  number={4},
  pages={1267},
  year={2005},
  publisher={APS}
}